<?xml version="1.0" encoding="UTF-8"?><collection xmlns="http://www.loc.gov/MARC21/slim"><record><leader>00440nam--2200169-i-4500</leader><controlfield tag="001">000030397</controlfield><controlfield tag="002">20161230</controlfield><controlfield tag="005">20170127125519</controlfield><controlfield tag="008">060222s1000------------r-----000-0-eng-d</controlfield><datafield ind1=" " ind2=" " tag="080"><subfield code="a">54-31</subfield></datafield><datafield ind1=" " ind2=" " tag="100"><subfield code="a">Macarovici, Constantin Gh</subfield></datafield><datafield ind1=" " ind2=" " tag="245"><subfield code="a">Chimia oxizilor dubli si utilizarilelor</subfield></datafield><datafield ind1=" " ind2=" " tag="260"><subfield code="a">Bucuresti</subfield><subfield code="b">Editura Academiei R.S.R</subfield><subfield code="c">1975</subfield></datafield><datafield ind1=" " ind2=" " tag="300"><subfield code="a">195 p</subfield></datafield><datafield ind1=" " ind2=" " tag="700"><subfield code="a">Macarovici, Dan</subfield></datafield><datafield ind1=" " ind2=" " tag="852"><subfield code="a">43022</subfield></datafield><datafield ind1=" " ind2=" " tag="CAT"><subfield code="a">SYS</subfield><subfield code="c">20170127</subfield><subfield code="h">125519</subfield></datafield></record></collection>